@misc{pokemongo,
  title = {Google Play: Pok\'emon Go Download},
  howpublished = {\url{https://play.google.com/store/apps/details?id=com.nianticlabs.pokemongo}},
  note = {Accessed: 2016-08-12}
}

@inproceedings{zheng2009mining,
  title={Mining interesting locations and travel sequences from GPS trajectories},
  author={Zheng, Yu and Zhang, Lizhu and Xie, Xing and Ma, Wei-Ying},
  booktitle={WWW},
  pages={791--800},
  year={2009},
  organization={ACM}
}

@inproceedings{li2008mining,
  title={Mining user similarity based on location history},
  author={Li, Quannan and Zheng, Yu and Xie, Xing and Chen, Yukun and Liu, Wenyu and Ma, Wei-Ying},
  booktitle={ACM SIGSPATIAL},
  year={2008}
}

@inproceedings{xiao2010finding,
  title={Finding similar users using category-based location history},
  author={Xiao, Xiangye and Zheng, Yu and Luo, Qiong and Xie, Xing},
  booktitle={ACM SIGSPATIAL},
  pages={442--445},
  year={2010}
}

@article{zheng2010geolife,
  title={GeoLife: A Collaborative Social Networking Service among User, Location and Trajectory.},
  author={Zheng, Yu and Xie, Xing and Ma, Wei-Ying},
  journal={IEEE Data Eng. Bull.},
  volume={33},
  number={2},
  pages={32--39},
  year={2010},
  publisher={Citeseer}
}

@article{manyika2011big,
  title={Big data: The next frontier for innovation, competition, and productivity},
  author={Manyika, James and Chui, Michael and Brown, Brad and Bughin, Jacques and Dobbs, Richard and Roxburgh, Charles and Byers, Angela H},
  year={2011}
}

@article{yang2015nationtelescope,
  title={NationTelescope: Monitoring and visualizing large-scale collective behavior in LBSNs},
  author={Yang, Dingqi and Zhang, Daqing and Chen, Longbiao and Qu, Bingqing},
  journal={Journal of Network and Computer Applications},
  volume={55},
  pages={170--180},
  year={2015},
  publisher={Elsevier}
}

@article{hw-osmugsm-08,
	Author = {M.\ Haklay and P.\ Weber},
	Date-Added = {2013-09-03 01:50:41 +0000},
	Date-Modified = {2013-09-03 01:50:41 +0000},
	Journal = {IEEE Pervasive Computing},
	Pages = {12--18},
	Title = {OpenStreetMap: User-Generated Street Maps},
	Volume = {October-December},
	Year = 2008}

@misc{OSM,
	Date-Added = {2013-09-03 01:50:41 +0000},
	Date-Modified = {2013-09-03 01:50:41 +0000},
	Howpublished = {http://www.openstreetmap.org},
	Key = {OSM},
	Title = {Open Street Map}}

@inproceedings{liu2013s,
  title={What's in a name?: an unsupervised approach to link users across communities},
  author={Liu, Jing and Zhang, Fan and Song, Xinying and Song, Young-In and Lin, Chin-Yew and Hon, Hsiao-Wuen},
  booktitle={Proceedings of the sixth ACM international conference on Web search and data mining},
  pages={495--504},
  year={2013},
  organization={ACM}
}

@inproceedings{malhotra2012studying,
  title={Studying user footprints in different online social networks},
  author={Malhotra, Anshu and Totti, Luam and Meira Jr, Wagner and Kumaraguru, Ponnurangam and Almeida, Virgilio},
  booktitle={Proceedings of the 2012 International Conference on Advances in Social Networks Analysis and Mining (ASONAM 2012)},
  pages={1065--1070},
  year={2012},
  organization={IEEE Computer Society}
}

@inproceedings{liu2014hydra,
  title={Hydra: Large-scale social identity linkage via heterogeneous behavior modeling},
  author={Liu, Siyuan and Wang, Shuhui and Zhu, Feida and Zhang, Jinbo and Krishnan, Ramayya},
  booktitle={Proceedings of the 2014 ACM SIGMOD international conference on Management of data},
  pages={51--62},
  year={2014},
  organization={ACM}
}

@article{zafarani2009connecting,
  title={Connecting Corresponding Identities across Communities.},
  author={Zafarani, Reza and Liu, Huan},
  journal={ICWSM},
  volume={9},
  pages={354--357},
  year={2009}
}

@inproceedings{bettini2005protecting,
  title={Protecting privacy against location-based personal identification},
  author={Bettini, Claudio and Wang, X Sean and Jajodia, Sushil},
  booktitle={Workshop on Secure Data Management},
  pages={185--199},
  year={2005},
  organization={Springer}
}

@article{elmagarmid2007duplicate,
  title={Duplicate record detection: A survey},
  author={Elmagarmid, Ahmed K and Ipeirotis, Panagiotis G and Verykios, Vassilios S},
  journal={IEEE Transactions on knowledge and data engineering},
  volume={19},
  number={1},
  pages={1--16},
  year={2007},
  publisher={IEEE}
}

@inproceedings{berndt1994using,
  title={Using Dynamic Time Warping to Find Patterns in Time Series.},
  author={Berndt, Donald J and Clifford, James},
  booktitle={KDD workshop},
  volume={10},
  number={16},
  pages={359--370},
  year={1994},
  organization={Seattle, WA}
}

@article{de2013unique,
  title={Unique in the crowd: The privacy bounds of human mobility},
  author={De Montjoye, Yves-Alexandre and Hidalgo, C{\'e}sar A and Verleysen, Michel and Blondel, Vincent D},
  journal={Scientific reports},
  volume={3},
  year={2013},
  publisher={Nature Publishing Group}
}


@article{blumberg2009locational,
  title={On locational privacy, and how to avoid losing it forever},
  author={Blumberg, Andrew J and Eckersley, Peter},
  journal={Electronic frontier foundation},
  volume={10},
  number={11},
  year={2009}
}

@misc{appledownloads,
  title = {Apples app store downloads top 130 billion},
  howpublished = {\url{http://www.gsmarena.com/apple_app_store_now_has_2000000_apps_50_billion_paid_to_devs-blog-18798.php}},
  note = {Accessed: 2016-08-12}
}

@misc{appslocation,
  title = {App Genome Report},
  howpublished = {\url{https://www.mylookout.com/resources/reports/appgenome}},
  note = {Accessed: 2016-08-12}
}

@misc{pokemongo,
  title = {Google Play: Pok\'emon Go Download},
  howpublished = {\url{https://play.google.com/store/apps/details?id=com.nianticlabs.pokemongo}},
  note = {Accessed: 2016-08-12}
}

@misc{appleprivacy,
  title = {Apple privacy policy},
  howpublished = {\url{http://www.apple.com/legal/privacy/}},
  note = {Accessed: 2016-08-12}
}


@inproceedings{schubert2014signitrend,
  title={Signitrend: scalable detection of emerging topics in textual streams by hashed significance thresholds},
  author={Schubert, Erich and Weiler, Michael and Kriegel, Hans-Peter},
  booktitle={Proceedings of the 20th ACM SIGKDD international conference on Knowledge discovery and data mining},
  pages={871--880},
  year={2014},
  organization={ACM}
}

@inproceedings{moustafa2014subgraph,
  title={Subgraph pattern matching over uncertain graphs with identity linkage uncertainty},
  author={Moustafa, Walaa Eldin and Kimmig, Angelika and Deshpande, Amol and Getoor, Lise},
  booktitle={Data Engineering (ICDE), 2014 IEEE 30th International Conference on},
  pages={904--915},
  year={2014},
  organization={IEEE}
}

@inproceedings{liu2014hydra,
  title={Hydra: Large-scale social identity linkage via heterogeneous behavior modeling},
  author={Liu, Siyuan and Wang, Shuhui and Zhu, Feida and Zhang, Jinbo and Krishnan, Ramayya},
  booktitle={Proceedings of the 2014 ACM SIGMOD international conference on Management of data},
  pages={51--62},
  year={2014},
  organization={ACM}
}

@article{harshman1970foundations,
  title={Foundations of the PARAFAC procedure: Models and conditions for an" explanatory" multi-modal factor analysis},
  author={Harshman, Richard A},
  year={1970},
  publisher={University of California at Los Angeles Los Angeles}
}

@inproceedings{nguyen2011overlapping,
  title={Overlapping community structures and their detection on social networks},
  author={Nguyen, Nam P and Dinh, Thang N and Nguyen, Dung T and Thai, My T},
  booktitle={Privacy, Security, Risk and Trust (PASSAT) and 2011 IEEE Third Inernational Conference on Social Computing (SocialCom), 2011 IEEE Third International Conference on},
  pages={35--40},
  year={2011},
  organization={IEEE}
}

@article{xu2005survey,
  title={Survey of clustering algorithms},
  author={Xu, Rui and Wunsch, Donald and others},
  journal={Neural Networks, IEEE Transactions on},
  volume={16},
  number={3},
  pages={645--678},
  year={2005},
  publisher={Ieee}
}

@inproceedings{patel1996partition,
  title={Partition based spatial-merge join},
  author={Patel, Jignesh M and DeWitt, David J},
  booktitle={ACM SIGMOD Record},
  volume={25},
  number={2},
  pages={259--270},
  year={1996},
  organization={ACM}
}

@inproceedings{manmatha2001modeling,
  title={Modeling score distributions for combining the outputs of search engines},
  author={Manmatha, Raghavan and Rath, T and Feng, Fangfang},
  booktitle={SIGIR},
  pages={267--275},
  year={2001},
  organization={ACM}
}
@article{nmi,
  title={Detecting the overlapping and hierarchical community structure in complex networks},
  author={Lancichinetti, Andrea and Fortunato, Santo and Kert{\'e}sz, J{\'a}nos},
  journal={New Journal of Physics},
  volume={11},
  number={3},
  year={2009},
}

@article{ari,
title = "Generalized Adjusted Rand Indices for cluster ensembles ",
journal = "Pattern Recognition ",
volume = "45",
number = "6",
pages = "2214 - 2226",
year = "2012",
issn = "0031-3203",
doi = "http://dx.doi.org/10.1016/j.patcog.2011.11.017",
url = "http://www.sciencedirect.com/science/article/pii/S0031320311004699",
author = "Shaohong Zhang and Hau-San Wong and Ying Shen"}

@ARTICLE{coclustens,
author={Papalexakis, E.E. and Sidiropoulos, N.D. and Bro, R.},
journal={Signal Processing, IEEE},
title={From K-Means to Higher-Way Co-Clustering: Multilinear Decomposition With Sparse Latent Factors},
year={2013},
volume={61},
number={2},
pages={493-506},
}

@inproceedings{Whang,
 author = {Whang, Joyce Jiyoung and Gleich, David F. and Dhillon, Inderjit S.},
 title = {Overlapping community detection using seed set expansion},
 series = {CIKM '13},
 isbn = {978-1-4503-2263-8},
 location = {San Francisco, California, USA},
 pages = {2099--2108},
 numpages = {10},
 url = {http://doi.acm.org/10.1145/2505515.2505535},
 doi = {10.1145/2505515.2505535},
 acmid = {2505535},
 keywords = {clustering, community detection, overlapping clusters, seed set expansion, seeds},
}

@article{survey,
 author = {Xie, Jierui and Kelley, Stephen and Szymanski, Boleslaw K.},
 title = {Overlapping Community Detection in Networks: The State-of-the-art and Comparative Study},
 journal = {ACM Comput. Surv.},
 issue_date = {August 2013},
 volume = {45},
 number = {4},
 year = {2013},
 issn = {0360-0300},
 pages = {43:1--43:35},
 articleno = {43},
 numpages = {35},
 url = {http://doi.acm.org/10.1145/2501654.2501657},
 doi = {10.1145/2501654.2501657},
 acmid = {2501657},
 keywords = {Overlapping community detection, social networks},
}

@INPROCEEDINGS{views,
author={Papalexakis, E.E. and Akoglu, L. and Ience, D.},
booktitle={FUSION 2013},
title={Do more views of a graph help? Community detection and clustering in multi-graphs},
year={2013},
pages={899-905}
}

@article{parafac,
title = "\{PARAFAC\} algorithms for large-scale problems ",
author = "Anh Huy Phan and Andrzej Cichocki",
journal = "Neurocomputing ",
pages = "1970 - 1984",
year = "2011",
note = ICONIP 2009 "
}

@incollection{parcube,
title={ParCube: sparse parallelizable tensor decompositions},
  author={Papalexakis, Evangelos E and Faloutsos, Christos and Sidiropoulos, Nicholas D},
  booktitle={PKDD},
  pages={521--536},
  year={2012},
  publisher={Springer},
 }

@inproceedings{haten2,
  title={HaTen2: Billion-scale Tensor Decompositions},
  author={Inah Jeon and Evangelos E. Papalexakis and U Kang and Christos Faloutsos},
  booktitle={ICDE},
  year={2015},
}

@inproceedings{bigclam,
 author = {Yang, Jaewon and Leskovec, Jure},
 title = {Overlapping Community Detection at Scale: A Nonnegative Matrix Factorization Approach},
 year = {2013},
 pages = {587--596},
 publisher = {ACM},
 keywords = {matrix factorization, network communities, overlapping community detection},
}

@inproceedings{DBLP:conf/pkdd/GunnemannBS11,
  author    = {Stephan G{\"u}nnemann and
               Brigitte Boden and
               Thomas Seidl},
  title     = {DB-CSC: A Density-Based Approach for Subspace Clustering
               in Graphs with Feature Vectors},
  booktitle = {ECML/PKDD (1)},
  year      = {2011},
  pages     = {565-580},
  ee        = {http://dx.doi.org/10.1007/978-3-642-23780-5_46},
  crossref  = {DBLP:conf/pkdd/2011-1},
  bibsource = {DBLP, http://dblp.uni-trier.de}
}

@inproceedings{DBLP:conf/kdd/EsterKSX96,
  author    = {Martin Ester and
               Hans-Peter Kriegel and
               J{\"o}rg Sander and
               Xiaowei Xu},
  title     = {A Density-Based Algorithm for Discovering Clusters in Large Spatial Databases with Noise},
  booktitle = {KDD},
  year      = {1996},
  pages     = {226-231},
  ee        = {http://www.aaai.org/Library/KDD/1996/kdd96-037.php},
  crossref  = {DBLP:conf/kdd/1996},
  bibsource = {DBLP, http://dblp.uni-trier.de}
}

@inproceedings{DBLP:conf/sdm/AkogluTMF12,
  author    = {Leman Akoglu and
               Hanghang Tong and
               Brendan Meeder and
               Christos Faloutsos},
  title     = {PICS: Parameter-free Identification of Cohesive Subgroups
               in Large Attributed Graphs},
  booktitle = {SDM},
  year      = {2012},
  pages     = {439-450},
  ee        = {http://siam.omnibooksonline.com/2012datamining/data/papers/094.pdf},
  crossref  = {DBLP:conf/sdm/2012},
  bibsource = {DBLP, http://dblp.uni-trier.de}

@inproceedings{DBLP:conf/icdm/ZhouCY10,
  author    = {Yang Zhou and
               Hong Cheng and
               Jeffrey Xu Yu},
  title     = {Clustering Large Attributed Graphs: An Efficient Incremental
               Approach},
  booktitle = {ICDM},
  year      = {2010},
  pages     = {689-698},
  ee        = {http://doi.ieeecomputersociety.org/10.1109/ICDM.2010.41},
  crossref  = {DBLP:conf/icdm/2010},
  bibsource = {DBLP, http://dblp.uni-trier.de}
}

@inproceedings{DBLP:conf/sigmod/XuKWCC12,
  author    = {Zhiqiang Xu and
               Yiping Ke and
               Yi Wang and
               Hong Cheng and
               James Cheng},
  title     = {A model-based approach to attributed graph clustering},
  booktitle = {SIGMOD},
  year      = {2012},
  pages     = {505-516},
  ee        = {http://doi.acm.org/10.1145/2213836.2213894},
  crossref  = {DBLP:conf/sigmod/2012},
  bibsource = {DBLP, http://dblp.uni-trier.de}
}

@article{DBLP:journals/pvldb/SilvaMZ12,
  author    = {Arlei Silva and
               Wagner Meira Jr. and
               Mohammed J. Zaki},
  title     = {Mining Attribute-structure Correlated Patterns in Large
               Attributed Graphs},
  journal   = {PVLDB},
  volume    = {5},
  number    = {5},
  year      = {2012},
  pages     = {466-477},
  ee        = {http://vldb.org/pvldb/vol5/p466_arleisilva_vldb2012.pdf},
  bibsource = {DBLP, http://dblp.uni-trier.de}
}

@article{DBLP:journals/pvldb/ZhouCY09,
  author    = {Yang Zhou and
               Hong Cheng and
               Jeffrey Xu Yu},
  title     = {Graph Clustering Based on Structural/Attribute Similarities},
  journal   = {PVLDB},
  volume    = {2},
  number    = {1},
  year      = {2009},
  pages     = {718-729},
  ee        = {http://www.vldb.org/pvldb/2/vldb09-175.pdf},
  bibsource = {DBLP, http://dblp.uni-trier.de}
}

@article{DBLP:journals/pvldb/SunAH12,
  author    = {Yizhou Sun and
               Charu C. Aggarwal and
               Jiawei Han},
  title     = {Relation Strength-Aware Clustering of Heterogeneous Information
               Networks with Incomplete Attributes},
  journal   = {PVLDB},
  volume    = {5},
  number    = {5},
  year      = {2012},
  pages     = {394-405},
  ee        = {http://vldb.org/pvldb/vol5/p394_yizhousun_vldb2012.pdf},
  bibsource = {DBLP, http://dblp.uni-trier.de}
}

@inproceedings{DBLP:conf/sigmod/TianHP08,
  author    = {Yuanyuan Tian and
               Richard A. Hankins and
               Jignesh M. Patel},
  title     = {Efficient aggregation for graph summarization},
  booktitle = {SIGMOD},
  year      = {2008},
  pages     = {567-580},
  ee        = {http://doi.acm.org/10.1145/1376616.1376675},
  crossref  = {DBLP:conf/sigmod/2008},
  bibsource = {DBLP, http://dblp.uni-trier.de}
}

@inproceedings{DBLP:conf/kdd/ZhangY12,
  author    = {Yu Zhang and
               Dit-Yan Yeung},
  title     = {Overlapping community detection via bounded nonnegative
               matrix tri-factorization},
  booktitle = {KDD},
  year      = {2012},
  pages     = {606-614},
  ee        = {http://doi.acm.org/10.1145/2339530.2339629},
  crossref  = {DBLP:conf/kdd/2012},
  bibsource = {DBLP, http://dblp.uni-trier.de}
}

@Inbook{Gregory2007,
author="Gregory, Steve",
chapter="An Algorithm to Find Overlapping Community Structure in Networks",
title="PKDD 2007",
pages="91--102",
isbn="978-3-540-74976-9",
doi="10.1007/978-3-540-74976-9_12",
url="http://dx.doi.org/10.1007/978-3-540-74976-9_12"
}


@inproceedings{DBLP:conf/pkdd/Gregory08,
  author    = {Steve Gregory},
  title     = {A Fast Algorithm to Find Overlapping Communities in Networks},
  booktitle = {ECML/PKDD (1)},
  year      = {2008},
  pages     = {408-423},
  ee        = {http://dx.doi.org/10.1007/978-3-540-87479-9_45},
  crossref  = {DBLP:conf/pkdd/2008-1},
  bibsource = {DBLP, http://dblp.uni-trier.de}
}

@article{DBLP:journals/corr/abs-1010-1523,
  author    = {Steve Gregory},
  title     = {Fuzzy overlapping communities in networks},
  journal   = {CoRR},
  volume    = {abs/1010.1523},
  year      = {2010},
  ee        = {http://arxiv.org/abs/1010.1523},
  bibsource = {DBLP, http://dblp.uni-trier.de}
}

@inproceedings{DBLP:conf/pkdd/Gregory08,
  author    = {Steve Gregory},
  title     = {A Fast Algorithm to Find Overlapping Communities in Networks},
  booktitle = {ECML/PKDD (1)},
  year      = {2008},
  pages     = {408-423},
  ee        = {http://dx.doi.org/10.1007/978-3-540-87479-9_45},
  crossref  = {DBLP:conf/pkdd/2008-1},
  bibsource = {DBLP, http://dblp.uni-trier.de}
}

@article{nature,
  author    = {Gergely Palla, Derenyi Imre,  Farkas Illes, Tamas Vicsek},
  title     = {Uncovering the overlapping community structure of complex networks in nature and society},
  journal   = {Nature Letter},
  volume    = {abs/1010.1523},
  year      = {2005},
  pages     = {814-818},
}

@inproceedings{DBLP:conf/pkdd/LiLY06,
  author    = {Xin Li and
               Bing Liu and
               Philip S. Yu},
  title     = {Discovering Overlapping Communities of Named Entities},
  booktitle = {PKDD},
  year      = {2006},
  pages     = {593-600},
  ee        = {http://dx.doi.org/10.1007/11871637_60},
  crossref  = {DBLP:conf/pkdd/2006},
  bibsource = {DBLP, http://dblp.uni-trier.de}
}

@inproceedings{DBLP:conf/cikm/DuWW08,
  author    = {Nan Du and
               Bai Wang and
               Bin Wu},
  title     = {Overlapping community structure detection in networks},
  booktitle = {CIKM},
  year      = {2008},
  pages     = {1371-1372},
  ee        = {http://doi.acm.org/10.1145/1458082.1458285},
  crossref  = {DBLP:conf/cikm/2008},
  bibsource = {DBLP, http://dblp.uni-trier.de}
}

@book{entropy,
 author = {Ihara,Shunsuke},
 title = {Information theory for continuous systems},
 publisher = {World Scientific},
 year = {1993},
 isbn = {978-981-02-0985-8},
 }

@book{mdlbook,
 author = {Rissanen, Jorma},
 title = {Information and Complexity in Statistical Modeling},
 publisher = {Springer},
 year = {2007},
 isbn = {0387366105, 9780387366104},
 }

@inproceedings{DBLP:conf/sdm/MoserCRE09,
  author    = {Flavia Moser and
               Recep Colak and
               Arash Rafiey and
               Martin Ester},
  title     = {Mining Cohesive Patterns from Graphs with Feature Vectors},
  booktitle = {SDM},
  year      = {2009},
  pages     = {593-604},
  ee        = {http://www.siam.org/proceedings/datamining/2009/dm09_055_moserf.pdf},
  crossref  = {DBLP:conf/sdm/2009},
  bibsource = {DBLP, http://dblp.uni-trier.de}
}

@inproceedings{DBLP:conf/icdm/GunnemannFBS10,
  author    = {Stephan G{\"u}nnemann and
               Ines F{\"a}rber and
               Brigitte Boden and
               Thomas Seidl},
  title     = {Subspace Clustering Meets Dense Subgraph Mining: A Synthesis
               of Two Paradigms},
  booktitle = {ICDM},
  year      = {2010},
  pages     = {845-850},
  ee        = {http://doi.ieeecomputersociety.org/10.1109/ICDM.2010.95},
  crossref  = {DBLP:conf/icdm/2010},
  bibsource = {DBLP, http://dblp.uni-trier.de}
}

@inproceedings{DBLP:conf/kdd/TongFGE07,
  author    = {Hanghang Tong and
               Christos Faloutsos and
               Brian Gallagher and
               Tina Eliassi-Rad},
  title     = {Fast best-effort pattern matching in large attributed graphs},
  booktitle = {KDD},
  year      = {2007},
  pages     = {737-746},
  ee        = {http://doi.acm.org/10.1145/1281192.1281271},
  crossref  = {DBLP:conf/kdd/2007},
  bibsource = {DBLP, http://dblp.uni-trier.de}
}

@inproceedings{DBLP:conf/icdm/GunnemannFBS10,
  author    = {Stephan G{\"u}nnemann and
               Ines F{\"a}rber and
               Brigitte Boden and
               Thomas Seidl},
  title     = {Subspace Clustering Meets Dense Subgraph Mining: A Synthesis
               of Two Paradigms},
  booktitle = {ICDM},
  year      = {2010},
  pages     = {845-850},
  ee        = {http://doi.ieeecomputersociety.org/10.1109/ICDM.2010.95},
  crossref  = {DBLP:conf/icdm/2010},
  bibsource = {DBLP, http://dblp.uni-trier.de}
}

@article{betweeness,
  author    = {Linton C. Freeman},
  title     = {A Set of Measures of Centrality Based on Betweenness},
  journal   = {Sociometry},
  volume    = {40},
  number    = {1},
  year      = {March 1977},
  pages     = {35-41},
}

@inproceedings{DBLP:conf/nips/McAuleyL12,
  author    = {Julian J. McAuley and
               Jure Leskovec},
  title     = {Learning to Discover Social Circles in Ego Networks},
  booktitle = {NIPS},
  year      = {2012},
  pages     = {548-556},
  ee        = {http://books.nips.cc/papers/files/nips25/NIPS2012_0272.pdf},
  crossref  = {DBLP:conf/nips/2012},
  bibsource = {DBLP, http://dblp.uni-trier.de}
}

@article{scikit-learn,
 title={Scikit-learn: Machine Learning in {P}ython},
 author={Pedregosa, F. and Varoquaux, G. and Gramfort, A. and Michel, V.
         and Thirion, B. and Grisel, O. and Blondel, M. and Prettenhofer, P.
         and Weiss, R. and Dubourg, V. and Vanderplas, J. and Passos, A. and
         Cournapeau, D. and Brucher, M. and Perrot, M. and Duchesnay, E.},
 journal={Journal of Machine Learning Research},
 volume={12},
 pages={2825--2830},
 year={2011}
}

%--------------------------------------------

@inproceedings{kerdprasop2005weighted,
  title={Weighted k-means for density-biased clustering},
  author={Kerdprasop, Kittisak and Kerdprasop, Nittaya and Sattayatham, Pairote},
  booktitle={International Conference on Data Warehousing and Knowledge Discovery},
  pages={488--497},
  year={2005},
  organization={Springer}
}

@inproceedings{golle2009anonymity,
  title={On the anonymity of home/work location pairs},
  author={Golle, Philippe and Partridge, Kurt},
  booktitle={PerCom},
  pages={390--397},
  year={2009},
  organization={Springer}
}

@inproceedings{zang2011anonymization,
  title={Anonymization of location data does not work: A large-scale measurement study},
  author={Zang, Hui and Bolot, Jean},
  booktitle={MobiCom},
  pages={145--156},
  year={2011},
  organization={ACM}
}

@article{yang2014modeling,
	author={Yang, Dingqi and Zhang, Daqing and Zheng, Vincent. W. and Yu, Zhiyong},
	journal={IEEE Transactions on Systems, Man, and Cybernetics: Systems},
	title={Modeling User Activity Preference by Leveraging User Spatial Temporal Characteristics in LBSNs},
	year={2015},
	volume={45},
	number={1},
	pages={129--142},
	ISSN={2168-2216},
	publisher={IEEE}
}

@inproceedings{pizzuti2008ga,
  title={Ga-net: A genetic algorithm for community detection in social networks},
  author={Pizzuti, Clara},
  booktitle={International Conference on Parallel Problem Solving from Nature},
  pages={1081--1090},
  year={2008},
  organization={Springer}
}

@inproceedings{du2007community,
  title={Community detection in large-scale social networks},
  author={Du, Nan and Wu, Bin and Pei, Xin and Wang, Bai and Xu, Liutong},
  booktitle={Proceedings of the 9th WebKDD and 1st SNA-KDD 2007 workshop on Web mining and social network analysis},
  pages={16--25},
  year={2007},
  organization={ACM}
}

@article{koren2009matrix,
  title={Matrix factorization techniques for recommender systems},
  author={Koren, Yehuda and Bell, Robert and Volinsky, Chris and others},
  journal={Computer},
  volume={42},
  number={8},
  pages={30--37},
  year={2009},
  publisher={Institute of Electrical and Electronics Engineers, Inc., 3 Park Avenue, 17 th Fl New York NY 10016-5997 United States}
}

@article{schmidhuber2015deep,
  title={Deep learning in neural networks: An overview},
  author={Schmidhuber, J{\"u}rgen},
  journal={Neural Networks},
  volume={61},
  pages={85--117},
  year={2015},
  publisher={Elsevier}
}

@article{ruiz2013innovative,
  title={Innovative continuous non-invasive cuffless blood pressure monitoring based on photoplethysmography technology},
  author={Ruiz-Rodr{\'\i}guez and others},
  journal={Intensive care medicine},
  volume={39},
  number={9},
  pages={1618--1625},
  year={2013},s
  publisher={Springer}
}

@article{hinton2012deep,
  title={Deep neural networks for acoustic modeling in speech recognition: The shared views of four research groups},
  author={Hinton, Geoffrey and others},
  journal={IEEE Signal Processing Magazine},
  volume={29},
  number={6},
  pages={82--97},
  year={2012},
  publisher={IEEE}
}

@inproceedings{krizhevsky2012imagenet,
  title={Imagenet classification with deep convolutional neural networks},
  author={Krizhevsky, Alex and Sutskever, Ilya and Hinton, Geoffrey E},
  booktitle={Advances in neural information processing systems},
  pages={1097--1105},
  year={2012}
}




@inproceedings{userUserRec94,
	Author = {P. Resnick and N. Iacovou and M. Sushak and P. Bergstrom and J. Riedl},
	Booktitle = {CSCW},
	Date-Added = {2015-12-03 17:58:06 +0000},
	Date-Modified = {2015-12-03 18:00:08 +0000},
	Title = {GroupLens: An open architecture for collaborative filtering of netnews},
	Year = {1994}}



@article{MFRec09,
	Author = {Y Koren and R Bell and C Volinsky},
	Date-Added = {2015-12-03 17:55:29 +0000},
	Date-Modified = {2015-12-03 17:56:15 +0000},
	Journal = {Computer},
	Pages = {30-37},
	Title = {Matrix factorization techniques for recommender systems},
	Volume = {8},
	Year = {2009}}
	
@article{RecSysSurvey13,
	Author = {J. Bobadilla and F. Ortega and A. Hernando and A. Guti{\'e}rrez},
	Date-Added = {2015-12-03 17:52:31 +0000},
	Date-Modified = {2015-12-03 17:53:48 +0000},
	Journal = {Knowledge-Based Systems},
	Pages = {109--132},
	Title = {Recommender systems survey},
	Volume = {46},
	Year = {2013}}
	
	@article{contentbasedPazzani97,
	Author = {M. Pazzani and D. Billsus},
	Date-Added = {2015-12-03 17:48:05 +0000},
	Date-Modified = {2015-12-03 17:48:51 +0000},
	Journal = {Machine Learning},
	Pages = {313-331},
	Title = {Learning and Revising User Profiles: The Identification of Interesting Web Sites},
	Volume = {27},
	Year = {1997}}

@inproceedings{contentbasedLang95,
	Author = {K. Lang},
	Booktitle = {ICML},
	Date-Added = {2015-12-03 17:45:47 +0000},
	Date-Modified = {2015-12-03 17:46:18 +0000},
	Title = {Newsweeder: Learning to Filter Netnews},
	Year = {1995}}
	
@article{amazonRecommendation,
	Author = {Greg Linden and Brent Smith and Jeremy York},
	Date-Added = {2015-12-02 03:44:03 +0000},
	Date-Modified = {2015-12-02 03:45:42 +0000},
	Journal = {IEEE Internet Comp.},
	Number = {1},
	Pages = {76-80},
	Title = {Amazon.com Recommendations Item-to-Item Collaborative Filtering},
	Volume = {7},
	Year = {2003}}
	
	
@article{RecSurveyTKDE05,
	Author = {Gediminas Adomavicius and Alexander Tuzhilin},
	Date-Added = {2015-12-02 03:56:14 +0000},
	Date-Modified = {2015-12-02 03:57:13 +0000},
	Journal = {IEEE TKDE},
	Number = {6},
	Title = {Toward the Next Generation of Recommender Systems: A Survey of the State-of-the-Art and Possible Extensions},
	Volume = {17},
	Year = {2005}}
	
	
@article{RecSysSurvey13,
	Author = {J. Bobadilla and F. Ortega and A. Hernando and A. Guti{\'e}rrez},
	Date-Added = {2015-12-03 17:52:31 +0000},
	Date-Modified = {2015-12-03 17:53:48 +0000},
	Journal = {Knowledge-Based Systems},
	Pages = {109--132},
	Title = {Recommender systems survey},
	Volume = {46},
	Year = {2013}}
	
	
@inproceedings{ye2010location,
  title={Location recommendation for location-based social networks},
  author={Ye, Mao and Yin, Peifeng and Lee, Wang-Chien},
  booktitle={ACM SIGSPATIAL},
  pages={458--461},
  year={2010}
  }

@inproceedings{wang2013location,
  title={Location recommendation in location-based social networks using user check-in data},
  author={Wang, Hao and Terrovitis, Manolis and Mamoulis, Nikos},
  booktitle={ACM SIGSPATIAL},
  pages={374--383},
  year={2013}}

@inproceedings{yu2015survey,
  title={A Survey of Point-of-Interest Recommendation in Location-Based Social Networks},
  author={Yu, Yonghong and Chen, Xingguo},
  booktitle={Workshops at the 29th AAAI},
  year={2015}}
  
@inproceedings{cheng2012fused,
  title={Fused Matrix Factorization with Geographical and Social Influence in Location-Based Social Networks.},
  author={Cheng, Chen and Yang, Haiqin and King, Irwin and Lyu, Michael R},
  booktitle={Aaai},
  volume={12},
  pages={17--23},
  year={2012}}